@book{diff_eq,
Author = {Blanchard, Paul and Devaney, Robert L. and Hall, Glen R.},
ISBN = {9780495561989},
Publisher = {Boston, MA : Brooks/Cole, Cengage Learning, 2012.},
Title = {Differential equations.},
Year = {2012},
}

@book{engr_math,
Author = {Kreyszig, Erwin and Kreyszig, Herbert and Norminton, E. J.},
ISBN = {9780470458365},
Publisher = {Hoboken, NJ : John Wiley, 2011.},
Title = {Advanced engineering mathematics.},
Year = {2011},
}
